@Article{Auth09,
  author       = {First Author and S. Writer and Scientist, Third},
  title	       = {Any title for the article, authors to be separated
                  by \verb|and|},
  journal      = {New Journal of Biliography},
  year	       = 2009,
  volume       = 21,
  pages	       = {10-28}
}

@Book{Mono08,
  author       = {Novel Author and Interesting Writer},
  title	       = {Experiences with Book Writing},
  publisher    = {Random Mouse},
  year	       = 2008,
  address      = {Mumbai},
  edition      = 3
}

@misc{zstar,
  title = {DRM103 Designer Reference Manual},
  howpublished = {\url{http://www.freescale.com/files/microcontrollers/doc/ref_manual/ZSTAR3RM.pdf}},
  note = {Accessed: 2013-06-24}
}

@misc{probot,
  title = {Research PatrolBot},
  howpublished = {\url{http://www.mobilerobots.com/ResearchRobots/ResearchPatrolBot.aspx}},
  note = {Accessed: 2013-06-15}
}



@misc{robocupathome2013,
  title = {RoboCup{@}Home Rulebook (Revision 411, 2013-02-17)},
  year  = 2013,
  howpublished = {\url{http://ccc.inaoep.mx/~tmr2013/pdf/robocupathome2013.pdf}},
  note = {Accessed: 2013-04-24}
}


